@InBook{Story2007,
	author = {Andrew ROBINSON},
	title = {The Story of Writing: Alphabets, Hieroglyphs \& Pictograms},
	chapter = {Introduction},
	publisher = {Thames and Hudson Ltd},
	address = {London},
	year = {2007},
	edition = {Druhé},
	ISBN = {05-002-866-04},
	}

@InProceedings{vyskum2008,
	author = {Harald WEINREICH and et. al},
	title = {Not quite the average: An empirical study of Web use},
	journal = {ACM Transactions on the Web (TWEB)},
	volume = {2},
	number ={5},
	year = {2008},
	ISSN = {1559-1131},
}

@Misc{porovnanie2007,
	author = {Eyolf ØSTREM},
	title = {LaTeX vs. Word vs. Writer},
	howpublished = {[online]},
	year = {rev. 15. mája 2007},
	note = {[vid. 2018-04-07]},
	url = {http://oestrem.com/thingstwice/2007/05/latex-vs-word-vs-writer/},
}

@MastersThesis{Pospisilova2016,
	author = {Lucie POSPÍŠILOVÁ},
	title = {Analýza stylu},
	school = {Masarykova univerzita. Filozofická fakulta},
	year = {2015},
	type = {Bakalárska práca},
}

@Misc{online2011,
	author = {Andres ROBERTS},
	title = {LaTeX isn't for everyone but it could be for you},
	howpublished = {[online]},
	year = {rev. 5. novembra 2011},
	note = {[vid. 2018-04-07]},
	url = {http://www.andy-roberts.net/writing/latex/benefits},
}

@Book{Rybicka2003,
	author = {Jiří RYBIČKA},
	title = {LaTeX pro začátečníky},
	publisher = {Konvoj},
	address = {Brno},
	year = {2003},
	edition = {3},
	ISBN = {80-7302-049-1},
}

@MastersThesis{kocur2016,
	author = {David KOCUR},
	title = {Typografie a sazba odborných dokumentů v XeTeX},
	school = {JIHOČESKÁ UNIVERZITA V ČESKÝCH BUDĚJOVICÍCH. Pedagogická fakulta},
	year = {2016},
	type = {Bakalárska práca},
}

@Article{article1948,
	author = {BURTON L. STRATTON},
	title = {GOOD TYPOGRAPHY LURES THE LEARNER},
	journal = {The Journal of Education},
	volume = {131},
	pages = {56\,--\,58},
	year = {1948},
	ISSN = {0022-0574},
}

@Article{article2013,
	author = {Jiří ZÁPOTECKÝ},
	title = {Standardizace kvality tisku},
	journal = {Typografia},
	pages = {3\,--\,4},
	year = {2013},
	ISSN = {0322-9068},
}

@Misc{online2009,
	author = {Martin ŠÍN},
	title = {LaTeX: Vytvoření písemky z matematiky},
	howpublished = {[online]},
	year = {rev. 2. júna 2009},
	note = {[vid. 2018-04-08]},
	url = {https://www.linuxexpres.cz/praxe/latex-vytvoreni-pisemky-z-matematiky},
}
